@inproceedings{bulletphy, author = {Coumans, Erwin}, title = {Bullet Physics Simulation}, year = {2015}, isbn = {9781450336345}, publisher = {Association for Computing Machinery}, address = {New York, NY, USA}, url = {https://doi.org/10.1145/2776880.2792704}, doi = {10.1145/2776880.2792704}, booktitle = {ACM SIGGRAPH 2015 Courses}, articleno = {7}, series = {SIGGRAPH '15} }

@article{student1908probable,
  title={Probable error of a correlation coefficient},
  author={Student},
  journal={Biometrika},
  pages={302--310},
  year={1908},
  publisher={JSTOR}
}

@article{kraft1994algorithm,
  title={Algorithm 733: TOMP--Fortran modules for optimal control calculations},
  author={Kraft, Dieter},
  journal={ACM Transactions on Mathematical Software (TOMS)},
  volume={20},
  number={3},
  pages={262--281},
  year={1994},
  publisher={ACM New York, NY, USA}
}

@article{botelho2022design,
  title={Design of the landing guidance for the retro-propulsive vertical landing of a reusable rocket stage},
  author={Botelho, Afonso and Martinez, Marc and Recupero, Cristina and Fabrizi, Andrea and De Zaiacomo, Gabriele},
  journal={CEAS Space Journal},
  pages={1--14},
  year={2022},
  publisher={Springer}
}

@article{hilmi2019lunar,
  title={Lunar Excursion Module Landing Control System Design with P, PI and PID Controllers},
  author={Hilmi, ZENK and {\c{S}}ENOL, Halil and G{\"U}NER, Faruk},
  journal={Karadeniz Fen Bilimleri Dergisi},
  volume={9},
  number={2},
  pages={390--405},
  year={2019}
}

@techreport{yudeep,
  title={Deep Q-Learning on Lunar Lander Game},
  author={Yu, Xinli},
  year={2019}
}

@article{jo2011control,
  title={Control of powered descent phase for a Lunar Lander using PID controller},
  author={Jo, Sung-Jin and Min, Chan-Oh and Lee, Dae-Woo and Cho, Kyeum-Rae},
  journal={Journal of the Korean Society for Aeronautical \& Space Sciences},
  volume={39},
  number={5},
  pages={408--415},
  year={2011},
  publisher={The Korean Society for Aeronautical and Space Sciences}
}

@inproceedings{gadgil2020solving,
  title={Solving The Lunar Lander Problem under Uncertainty using Reinforcement Learning},
  author={Gadgil, Soham and Xin, Yunfeng and Xu, Chengzhe},
  booktitle={2020 SoutheastCon},
  volume={2},
  pages={1--8},
  year={2020},
  organization={IEEE}
}

@inproceedings{peters2019dynamic,
  title={Dynamic action selection in openai using spiking neural networks},
  author={Peters, Chad and Stewart, Terrence C and West, Robert L and Esfandiari, Babak},
  booktitle={The Thirty-Second International Flairs Conference},
  year={2019}
}

@article{alizadeh2003second,
  title={Second-order cone programming},
  author={Alizadeh, Farid and Goldfarb, Donald},
  journal={Mathematical programming},
  volume={95},
  number={1},
  pages={3--51},
  year={2003},
  publisher={Citeseer}
}

@article{cvxpow,
  title={Convex programming approach to powered descent guidance for mars landing},
  author={Acikmese, Behcet and Ploen, Scott R},
  journal={Journal of Guidance, Control, and Dynamics},
  volume={30},
  number={5},
  pages={1353--1366},
  year={2007}
}

@article{losslesscvx,
  title={Lossless convexification of nonconvex control bound and pointing constraints of the soft landing optimal control problem},
  author={A{\c{c}}{\i}kme{\c{s}}e, Beh{\c{c}}et and Carson, John M and Blackmore, Lars},
  journal={IEEE Transactions on Control Systems Technology},
  volume={21},
  number={6},
  pages={2104--2113},
  year={2013},
  publisher={IEEE}
}

@article{gfoldexp,
  title={G-fold: A real-time implementable fuel optimal large divert guidance algorithm for planetary pinpoint landing},
  author={Acikmese, B and Casoliva, J and Carson, JM and Blackmore, L},
  journal={Concepts and Approaches for Mars Exploration},
  volume={1679},
  pages={4193},
  year={2012}
}

@inproceedings{successivecvx6dof,
  title={Successive convexification for 6-dof mars rocket powered landing with free-final-time},
  author={Szmuk, Michael and Acikmese, Behcet},
  booktitle={2018 AIAA Guidance, Navigation, and Control Conference},
  pages={0617},
  year={2018}
}

@inproceedings{domahidi2013ecos,
  title={ECOS: An SOCP solver for embedded systems},
  author={Domahidi, Alexander and Chu, Eric and Boyd, Stephen},
  booktitle={2013 European Control Conference (ECC)},
  pages={3071--3076},
  year={2013},
  organization={IEEE}
}

@incollection{skogestad2012simc,
  title={The SIMC method for smooth PID controller tuning},
  author={Skogestad, Sigurd and Grimholt, Chriss},
  booktitle={PID control in the third millennium},
  pages={147--175},
  year={2012},
  publisher={Springer}
}

@article{grimholt2016optimal,
  title={Optimal PID control of double integrating processes},
  author={Grimholt, Chriss and Skogestad, Sigurd},
  journal={IFAC-PapersOnLine},
  volume={49},
  number={7},
  pages={127--132},
  year={2016},
  publisher={Elsevier}
}

@article{ruscio2017tuning,
  title={Tuning PD and PID Controllers for Double Integrating Plus Time Delay Systems},
  author={Ruscio, David Luigi Di and Dalen, Christer},
  year={2017}
}

@article{visioli2004new,
  title={A new design for a PID plus feedforward controller},
  author={Visioli, Antonio},
  journal={Journal of Process Control},
  volume={14},
  number={4},
  pages={457--463},
  year={2004},
  publisher={Elsevier}
}

@book{sutton2006history,
  title={History of liquid propellant rocket engines},
  author={Sutton, George Paul},
  year={2006},
  publisher={AIAA}
}

@article{ferreau2011model,
  title={Model predictive control algorithms for applications with millisecond timescales},
  author={Ferreau, Hans Joachim},
  journal={Arenberg Doctoral School of Science, Engineering \& Technology, Faculty of Engineering, Department of Electrical Engineering},
  year={2011},
  publisher={Citeseer}
}

@inproceedings{zhao2016real,
  title={Real fuel effects on flame extinction and re-ignition},
  author={Zhao, Xinyu and Wu, Bifen and Xu, Chao and Lu, Tianfeng and Chen, Jacqueline H},
  booktitle={APS Division of Fluid Dynamics Meeting Abstracts},
  pages={M17--009},
  year={2016}
}

@misc{kim2020modeling,
      title={Modeling and Optimal Control of Hybrid UAVs with Wind Disturbance}, 
      author={Sunsoo Kim and Niladri Das and Raktim Bhattacharya},
      year={2020},
      eprint={2006.11192},
      archivePrefix={arXiv},
      primaryClass={eess.SY}
}

@article{wang2019optimal,
  title={Optimal rocket landing guidance using convex optimization and model predictive control},
  author={Wang, Jinbo and Cui, Naigang and Wei, Changzhu},
  journal={Journal of guidance, control, and dynamics},
  volume={42},
  number={5},
  pages={1078--1092},
  year={2019},
  publisher={American Institute of Aeronautics and Astronautics}
}

@article{liu2015quaternion,
  title={Quaternion-Based Robust Attitude Control for Uncertain Robotic Quadrotors},
  author={Hao Liu and Xiafu Wang and Yisheng Zhong},
  journal={IEEE Transactions on Industrial Informatics},
  year={2015},
  volume={11},
  pages={406-415}
}

@article{maneewongvatana1999analysis,
  title={Analysis of approximate nearest neighbor searching with clustered point sets},
  author={Maneewongvatana, Songrit and Mount, David M},
  journal={arXiv preprint cs/9901013},
  year={1999}
}

@article{casiano2010liquid,
  title={Liquid-propellant rocket engine throttling: A comprehensive review},
  author={Casiano, Matthew J and Hulka, James R and Yang, Vigor},
  journal={Journal of propulsion and power},
  volume={26},
  number={5},
  pages={897--923},
  year={2010}
}

@article{schwenzer2021review,
  title={Review on model predictive control: an engineering perspective},
  author={Schwenzer, Max and Ay, Muzaffer and Bergs, Thomas and Abel, Dirk},
  journal={The International Journal of Advanced Manufacturing Technology},
  volume={117},
  number={5},
  pages={1327--1349},
  year={2021},
  publisher={Springer}
}

@inproceedings{betts2010historical,
  title={A historical systems study of liquid rocket engine throttling capabilities},
  author={Betts, Erin and Frederick, Robert},
  booktitle={46th AIAA/ASME/SAE/ASEE Joint Propulsion Conference \& Exhibit},
  pages={6541},
  year={2010}
}

@book{sarras2008partial,
  title={Partial linearization of mechanical systems with application to observer design},
  author={Sarras, Ioannis and Venkatraman, Aneesh and Ortega, Romeo and van der Schaft, Arjan},
  year={2008},
  publisher={Citeseer}
}
